@inproceedings{tarniceriu2015hmm,
	title={HMM-based error correction mechanism for five-key chording 
	keyboards},
	author={Tarniceriu, Adrian and Rimoldi, Bixio and Dillenbourg, Pierre},
	booktitle={2015 International Symposium on Signals, Circuits and 
	Systems (ISSCS)},
	pages={1--4},
	year={2015},
	organization={IEEE}
}

@inproceedings{li2012generalized,
	title={A generalized hidden markov model with discriminative training 
	for query spelling correction},
	author={Li, Yanen and Duan, Huizhong and Zhai, ChengXiang},
	booktitle={Proceedings of the 35th international ACM SIGIR conference 
	on Research and development in information retrieval},
	pages={611--620},
	year={2012},
	organization={ACM}
}

@inproceedings{szymanski2002hidden,
	title={Hidden Markov models suitable for text generation},
	author={Szymanski, Grzegorz and Ciota, Zygmunt},
	booktitle={WSEAS International Conference on Signal, Speech and Image 
	Processing (WSEAS ICOSSIP 2002)},
	pages={3081--3084}
}

@book{martin2009speech,
	title={Speech and language processing: An introduction to natural language processing, computational 
	linguistics, and speech recognition},
	author={Martin, James H and Jurafsky, Daniel},
	year={2009},
	publisher={Pearson/Prentice Hall Upper Saddle River}
}
